2800 4309
900 226 923 284 .’
1024 218 1385 287 SATIRA
1438 220 1624 287 XVI.
1689 224 1748 283 .’
1821 222 1841 301 ζ
1945 289 1957 300 ,

2253 240 2386 304 1:714:

304 378 526 439 Contra
563 377 857 441 fortunam
903 374 1109 435 armati
1156 388 1480 455 contraque
1521 378 1823 453 pudorem
1901 392 1909 429 τ’

383 477 645 539 Praemia
690 498 849 537 nunc
888 478 1002 547 alia
1046 490 1223 556 atque
1268 480 1382 539 alia
1431 482 1824 541 emolumenta
1864 490 2139 542 notemus
2265 496 2388 559 :35-

302 586 821 645 Sacramentorum.
906 586 1251 645 Convallem
1297 583 1440 643 ruris
1485 583 1624 643 aviti
2285 590 2288 595 '

300 689 616 765 Improbus
662 699 762 747 aut
808 706 1080 763 campum
1128 688 1271 747 mihi
1318 687 1367 747 si
1413 686 1638 747 vicinus
1680 686 1902 749 ademit
1941 733 1946 739 -

301 792 388 853 Et
428 808 655 850 sacrum
703 790 915 851 effodit.
948 791 1147 850 medio
1188 791 1265 850 de
1307 789 1494 851 limite
1535 809 1784 864 saxum‚.

301 896 483 971 Quod
524 914 659 956 mea
700 916 833 955 cum
860 896 1061 971 patulo
1108 894 1289 955 coluit
1332 896 1464 971 puls
1507 913 1702 954 annua
1743 894 1902 970 lib03

300 996 555 1057 Debitor
596 1006 697 1056 aut
743 1008 965 1055 sumtos
1011 996 1197 1072 pergit
1238 1014 1361 1055 non
1409 998 1652 1055 reddere
1694 1016 1982 1071 nummo-⁰1,
2289 1023 2367 1076 410

272 1100 471 1161 .‘Vana
515 1100 854 1178 supervacui
894 1100 1097 1161 dicens
1140 1097 1521 1187 chirographa
1559 1100 1734 1179 ligni:

298 1202 746 1288 lespectandus
794 1202 916 1274 erit,
960 1202 1061 1279 qui
1102 1203 1233 1263 lites
1277 1203 1532 1276 inchoet,
1581 1219 1766 1264 annus

296 1290 507 1377 TJotius
548 1306 785 1383 populi:
834 1308 938 1365 sed
981 1315 1120 1365 tunc
1164 1325 1397 1382 quoque
1441 1306 1600 1367 mille
1645 1308 1886 1369 ferenda

294 1401 536 1481 Taedia,
582 1406 743 1466 mille
783 1426 981 1466 morae
998 1429 1020 1483 ς4
1064 1406 1236 1465 toties
1280 1407 1553 1466 subsellia
1595 1418 1820 1468 tantum

294 1500 678 1582 Sternuntu13
724 1518 847 1567 tum
890 1509 1143 1585 facundo
1187 1520 1446 1583 ponente
1489 1510 1750 1582 lacernas
1892 1562 1899 1567 .
2289 1532 2361 1591 45

296 1612 596 1685 Caedicio,
646 1622 705 1672 et
748 1615 939 1673 Fusco
978 1614 1101 1689 jam
1142 1613 1524 1687 micturiente,
1571 1614 1756 1692 parati

294 1715 700 1793 Digredimur:
742 1718 1016 1793 lentaque
1063 1717 1171 1776 fori
1212 1736 1540 1794 pugnamus
1583 1738 1770 1779 arena.

292 1820 408 1881 Ast
445 1820 577 1894 illis,
629 1840 777 1897 quos
820 1840 979 1880 arma
1019 1832 1221 1899 tegunt
1264 1832 1323 1881 et
1366 1824 1592 1881 balteus
1635 1824 1834 1897 ambit,

296 1925 477 1999 Quod
519 1924 795 2002 placitum
838 1937 926 1984 est
970 1924 1125 2001 ipsiS,
1177 1936 1500 2001 praestatur
1542 1937 1770 2003 tempus
1814 1928 2042 2006 agendi,

296 2030 356 2092 N
360 2048 429 2091 ec
473 2048 564 2089 res
606 2028 865 2096 atteritur
908 2030 1085 2106 longo
1130 2030 1453 2089 sufflamine
1500 2030 1632 2089 litis.
2285 2052 2359 2111 50
2443 2036 2448 2041 ’

374 2135 523 2195 Solis
566 2144 863 2210 praeterea
906 2133 1159 2193 testandi
1206 2132 1486 2193 militibus
1531 2134 1626 2209 jus

292 2238 447 2297 Vivo
494 2248 656 2315 patre
699 2239 906 2297 datur:
950 2256 1102 2310 nam,
1155 2256 1305 2313 quae
1350 2246 1486 2295 sunt
1531 2248 1696 2313 parta
1737 2238 1938 2299 labore

296 2340 557 2414 Militiae,
609 2340 827 2417 placuit
865 2359 986 2399 non
1036 2359 1161 2399 esse
1209 2338 1270 2397 in
1314 2359 1557 2415 corpore
1601 2360 1828 2413 censuS,

294 2445 490 2504 Omne
535 2449 698 2499 tenet
740 2440 904 2513 cujus
951 2439 1208 2514 regimen
1254 2451 1430 2514 pater.
1519 2442 1674 2515 Ergo
1725 2442 2020 2500 Coranum

292 2544 598 2622 Signorum
645 2539 936 2611 comitem,
982 2524 1430 2615 castrorumque*
1461 2559 1594 2599 aera
1635 2551 1970 2615 merentem,
2281 2558 2354 2622 55

339 2757 404 2808 34
432 2742 709 2806 pudorem]
740 2742 829 2795 He
866 2740 972 2793 will
1010 2740 1191 2809 appeal
1222 2746 1281 2793 to

270 2808 349 2859 his
370 2811 580 2870 honour,
608 2810 711 2859 and
732 2809 837 2859 face
858 2825 958 2885 you
980 2810 1145 2858 down.

336 2874 399 2936 38
456 2875 688 2937 sacrum]
744 2875 830 2924 An
871 2872 978 2924 idol
1018 2872 1109 2924 has
1152 2874 1282 2922 been

268 2938 467 2989 defined
511 2956 566 2989 as
604 2956 636 2989 a
678 2940 1009 3004 compromise
1052 2941 1280 2988 between

272 3002 543 3126 “Te“{in'iffssd
584 3004 773 3135 ῗὲἱέρῖ,
790 3004 971 3120 ῐεξῖἑῗὲ
1032 3005 1280 3134 ξῖἓῗὲζῗρ

274 3148 447 3183 nearer
468 3130 687 3184 fetiches.

341 3210 404 3261 39
446 3199 653 3261 patulo]
705 3196 833 3250 Fiat.
909 3198 1203 3263 Originally
1241 3196 1283 3246 it

274 3278 377 3314 was
398 3262 661 3313 forbidden
694 3271 748 3314 to
772 3262 895 3314 offer
924 3264 1114 3327 bloody
1135 3262 1282 3312 offer·

275 3328 385 3393 ings
408 3337 461 3378 to
483 3329 761 3379 Terminus.

339 3394 425 3455 41]
461 3394 509 3443 R
576 3394 719 3443 oeted
741 3393 869 3443 from
889 3392 993 3442 xiii.
1028 3402 1133 3455 137.

339 3472 422 3521 42,
462 3470 527 3521 43
595 3459 675 3508 “1
712 3464 846 3508 must
883 3456 1001 3508 wait
1039 3466 1092 3507 to
1128 3454 1282 3521 begin

273 3540 361 3588 my
383 3539 529 3574 cause
549 3520 627 3573 for
648 3524 733 3573 the
788 3538 888 3581 ear,
910 3522 1158 3573 whatever
1178 3524 1217 3572 it
1240 3525 1285 3573 is

274 3591 385 3641 that
406 3590 518 3639 be'
522 3604 583 3638 ns
604 3604 749 3652 every
818 3589 886 3652 dy
906 3587 1020 3637 else’
1024 3585 1085 3638 S.'

275 3654 445 3783 1223ss
475 3654 935 3783 uigilata?
945 3652 1285 3782 xssssppffl‘ffi

1380 2738 1546 2793 bench
1583 2738 1874 2802 cushioned,
1917 2746 1972 2793 to
2013 2740 2081 2793 be
2123 2758 2252 2804 sure,
2295 2744 2388 2795 but

1382 2815 1572 2872 empty.

1444 2872 1510 2934 46
1541 2870 1725 2937 Fusoo]
1772 2873 1884 2922 Has
1927 2889 1959 2923 a
2000 2873 2229 2923 drunken
2272 2874 2390 2925 wife

1384 2936 1777 3001 (xii.115)and
1799 2938 1998 2999 drinks3
2029 2939 2203 2999 hence,
2221 2940 2261 3005 j.
2288 2956 2357 2990 m.
2344 2974 2384 3002 .,

1381 3003 1435 3051 in
1457 3002 1603 3052 order
1625 3010 1676 3051 to
1699 3010 1821 3052 start
1843 3003 1950 3053 sair.

1445 3068 1531 3129 47]
1563 3069 1999 3130 lenta—arona]‘
2006 3070 2130 3119 ‘We
2153 3068 2256 3118 find
2280 3070 2316 3118 it
2341 3069 2385 3120 is

1380 3130 1505 3181 slow
1523 3131 1768 3196 fighting
1754 3150 1806 3181 m
1829 3134 1914 3183 the
1935 3134 2040 3183 lists
2057 3135 2114 3184 of
2131 3135 2216 3184 the
2238 3136 2282 3183 la
2258 3136 2367 3184 w!

1447 3198 1568 3261 52]‘
1575 3198 1867 3248 ‘Castrense
1888 3198 2134 3263 peculium
2160 3198 2389 3263 estquod

1381 3276 1414 3311 a
1437 3263 1724 3326 parentibus
1758 3264 1840 3313 vel
1875 3266 2094 3328 cognatis
2129 3265 2181 3313 in
2209 3265 2390 3317 militia

1381 3327 1621 3376 donatum
1667 3335 1759 3388 est,
1803 3328 1884 3377 vel
1927 3329 2063 3393 quod
2106 3330 2213 3405 ipse
2255 3331 2388 3381 filius

1381 3390 1596 3441 familias
1639 3393 1690 3441 in
1734 3393 1914 3443 militia
1956 3394 2182 3458 acquisiit
2226 3397 2380 3459 quod,

1380 3457 1478 3507 nisi
1500 3458 1749 3519 militaret,
1777 3460 2108 3534 acquisiturus
2133 3476 2233 3508 non
2267 3461 2388 3511 suis-

1381 3530 1488 3572 set:
1521 3538 1637 3571 nam
1673 3526 1807 3588 quod
1843 3531 1948 3573 erat
1986 3531 2036 3573 et
2069 3522 2176 3573 sine
2207 3526 2389 3576 militia

1380 3588 1725 3651 acquisiturus,
1761 3590 1815 3637 id
1849 3588 2099 3653 peculium
2135 3588 2242 3653 ejus
2280 3606 2388 3640 cas-

1380 3660 1544 3703 trense
1567 3668 1668 3701 non
1692 3652 1807 3703 est”
1843 3654 1979 3717 (Dig
2008 3654 2126 3701 xlix.
2156 3655 2254 3715 17).

1451 3727 1515 3781 54
1547 3716 1829 3784 Coranum]
1853 3719 2005 3769 From
2029 3718 2232 3769 Horace
2257 3720 2384 3781 (Sat.

277 3784 414 3837 shew
447 3784 533 3837 the
566 3790 727 3850 toga,-
719 3783 876 3837 when
909 3782 1027 3850 they
1062 3782 1185 3833 find
1199 3781 1287 3835 the
1384 3790 1450 3837 11.
1476 3799 1528 3834 v.
1553 3782 1655 3850 57)
