2800 4309
1036 242 1255 309 SATI
1264 243 1397 319 RA
1457 244 1644 311 XIV.

2251 234 2463 352 153(

308 399 633 463 Curriculo:
657 439 665 446 ·
688 395 864 479 quem
905 400 955 463 si
991 421 1249 475 revoces,
1290 400 1604 463 subsistere
1641 403 1848 476 nescit,

307 507 385 566 Et
421 515 483 568 te
520 516 819 567 contemto
856 506 1076 584 rapitur
1110 506 1402 582 metisque
1438 505 1669 567 relictis,

308 612 503 670 Nemo
542 610 682 673 satis
719 609 905 672 credit
943 621 1169 671 tantum
1208 608 1562 687 delinquere,
1608 622 1892 688 quantum

307 711 637 774 Permittas:
690 714 841 773 adeo
880 712 1184 789 indulgent
1224 711 1337 771 sibi
1374 712 1550 772 latius
1585 712 1716 790 ipsi.

308 816 506 891 Quum
544 816 693 877 dicis
724 816 940 893 juveni,
983 819 1223 877 stultum
1262 816 1364 893 qui
1403 816 1587 877 donet
1623 815 1836 890 amico,

2253 836 2366 896 ²35

308 917 426 992 Qui
462 929 861 996 paupertatem
899 921 1056 980 levet
1090 920 1433 995 attollatque
1472 917 1784 996 propinqui
1793 941 1814 994 3

306 1026 383 1085 Et
409 1023 669 1102 spoliare
705 1026 887 1086 doces
926 1035 987 1085 et
1024 1022 1494 1084 circumscribere
1533 1034 1592 1084 et
1631 1022 1794 1084 omni
1892 1040 1916 1053 ·

307 1130 564 1191 Crimine
600 1129 828 1191 divitias
866 1129 1179 1206 acquirere,
1219 1148 1466 1205 quarum
1503 1148 1669 1189 amor
1706 1129 1769 1187 in
1809 1140 1886 1201 te,

306 1235 573 1308 Quantus
612 1246 732 1295 erat
768 1234 987 1311 patriae
1029 1232 1346 1293 Deciorum
1386 1231 1448 1291 in
1488 1244 1739 1309 pectore,
1784 1243 2066 1310 quantum

306 1335 524 1395 Dilexit
562 1336 814 1409 Thebas,
858 1335 908 1395 si
947 1336 1193 1396 Graecia
1231 1356 1387 1409 vera,
1429 1339 1820 1397 Menoeceus:

2251 1352 2364 1405 ²40

305 1439 380 1496 In
416 1457 662 1514 quorum
703 1436 875 1497 sulcis
914 1437 1173 1515 legiones
1210 1437 1488 1498 dentibus
1525 1436 1731 1513 anguis

304 1543 457 1602 Cum
496 1540 714 1619 clypeis
751 1551 1083 1613 nascuntur,
1123 1551 1185 1600 et
1221 1539 1458 1600 horrida
1495 1540 1652 1599 bella
1688 1551 2004 1615 capessunt

304 1644 618 1718 ContinuO,
660 1656 937 1722 tanquam
977 1654 1036 1704 et
1077 1643 1313 1704 tubicen
1354 1643 1658 1703 surrexerit
1696 1664 1834 1705 una.

303 1750 457 1825 Ergo
497 1747 709 1825 ignem,
751 1749 917 1825 cujus
957 1748 1235 1809 scintillas
1274 1748 1402 1825 ipse
1442 1747 1678 1821 dedisti,

301 1853 351 1910 F
350 1852 668 1929 lagrantem
704 1852 822 1910 late
861 1860 920 1910 et
957 1850 1277 1927 rapientem
1317 1861 1530 1909 cuncta
1567 1848 1813 1911 videbis·

2248 1870 2361 1929 24⁵

301 1957 360 2013 N
362 1974 432 2015 ec
470 1952 601 2014 tibi·
615 1964 882 2030 parcetur
916 1952 1145 2027 misero,
1187 1952 1594 2030 trepidumque
1633 1952 1969 2031 magistrum

300 2059 376 2116 In
414 2076 595 2116 cavea
634 2075 847 2132 magno
886 2054 1116 2115 fremitu
1155 2056 1250 2115 leo
1290 2057 1456 2115 tollet
1494 2057 1776 2115 alumnus.

2041 2118 2057 2147 t

376 2160 538 2219 Nota
574 2158 997 2219 mathematicis
1033 2158 1261 2236 genesis
1302 2170 1429 2220 tua:
1483 2162 1590 2221 sed
1629 2180 1804 2237 grave
1843 2163 2042 2222 tardas

300 2262 650 2339 Exspectare
690 2263 870 2323 colus,
954 2261 1222 2323 Morieris
1262 2262 1511 2323 stamine
1548 2266 1812 2324 nondum

295 2369 583 2445 Abrupt0.
661 2371 795 2446 Jam
834 2388 991 2429 nunc
1031 2371 1230 2429 obstas
1270 2380 1330 2429 et
1368 2380 1508 2429 vota
1545 2370 1802 2443 moraris,

2242 2391 2359 2450 ²5⁰

294 2473 429 2547 Jam
468 2482 699 2548 torquet
733 2472 1007 2547 juvenem
1048 2472 1223 2549 longa
1262 2482 1322 2532 et
1361 2472 1595 2532 cervina
1634 2484 1920 2534 senectus.

298 2573 477 2635 Ocius
516 2574 885 2651 Archigenen
922 2594 1135 2651 quaere
1174 2586 1350 2652 atque
1392 2596 1522 2636 eme
1562 2578 1725 2653 quod
1766 2576 2138 2638 Mithridates

293 2671 659 2752 Composuit,
702 2675 752 2736 si
789 2675 878 2737 vis
915 2675 1090 2737 aliam
1130 2677 1442 2755 decerpere
1479 2679 1656 2737 ficum

357 2840 471 2901 229]
538 2840 647 2891 Has
678 2856 745 2889 no
781 2840 1071 2904 intelligible
1107 2841 1262 2905 place.

294 2906 344 2953 Is
361 2904 599 2954 therefore
612 2905 817 2953 omitted
830 2906 879 2953 in
893 2905 1077 2953 several
1095 2905 1269 2965 MSS.‚

292 2970 379 3017 but
400 2970 442 3017 is
463 2985 493 3017 a
514 2968 604 3017 fair
623 2969 737 3029 line,
763 2977 850 3018 not
873 2969 975 3018 like
994 2985 1025 3017 a
1045 2969 1193 3032 gloss.

357 3044 451 3095 233
482 3034 711 3093 tantum]
762 3033 832 3082 So
862 3033 952 3092 sar,
990 3048 1057 3081 no
1087 3032 1275 3083 further

295 3096 375 3155 (cf.
399 3096 497 3145 xiii.
526 3096 605 3156 96,
631 3099 719 3157 n.).

355 3172 451 3221 234
482 3159 629 3223 adeo]
654 3161 723 3209 So
745 3159 995 3224 certainly.

357 3234 451 3334 2¹:317
487 3225 927 3285 circumscribere]
994 3224 1073 3273 To
1128 3224 1274 3273 cheat

293 3301 371 3333 wa
429 3302 466 3335 S.

357 3361 466 3409 241,
489 3350 603 3411 242]
670 3352 798 3401 Bear
826 3366 892 3400 on
920 3350 1005 3401 the
1033 3351 1203 3411 doubt,
1230 3352 1279 3400 si

296 3414 494 3461 Graecia
514 3418 944 3477 verm—Quorum,
970 3416 1054 3464 the
1082 3423 1271 3464 antece-

292 3478 410 3528 dent
452 3477 493 3525 is
534 3479 877 3538 Thebanorum,
912 3478 1039 3527 from
1082 3480 1271 3539 Thebas,

291 3557 349 3589 or
368 3540 530 3590 rather
565 3542 864 3603 Graecorum,
892 3543 1019 3591 from
1056 3544 1269 3600 Graecia,

293 3620 347 3653 as
394 3605 592 3653 Graecia
630 3605 671 3653 is
704 3621 887 3666 nearer,
926 3622 981 3655 as
1014 3606 1273 3655 otherwise

290 3666 409 3718 such
432 3676 626 3732 strange
653 3670 823 3718 stories
850 3670 1015 3719 would
1044 3670 1274 3719 discredit

290 3732 502 3791 Thebes,
522 3742 608 3781 not
631 3733 845 3794 Greeceg
878 3734 975 3781 and
998 3749 1052 3781 as
1073 3733 1158 3781 the
1179 3734 1270 3781 im-

287 3796 511 3860 putation
533 3797 593 3846 of
605 3813 636 3845 a
656 3804 880 3846 constant
896 3796 1107 3861 practice
1121 3797 1288 3846 based·

1371 2857 1437 2890 on
1460 2857 1553 2890 one
1574 2842 1808 2901 instance,
1833 2844 1876 2889 is
1897 2857 2034 2891 more
2062 2842 2273 2892 suitable
2301 2851 2358 2892 to

1369 2922 1402 2953 a
1422 2905 1584 2963 whole
1609 2914 1811 2969 country
1831 2906 1951 2954 than
1974 2922 2005 2954 a
2023 2906 2180 2969 single
2202 2915 2353 2956 town.

1371 2982 1482 3029 242,
1511 2977 1574 3019 tr.
1601 2970 1808 3018 “where
1829 2970 2004 3019 armies
2025 2971 2194 3033 spring
2213 2987 2280 3036 up
2303 2972 2354 3019 in

1371 3034 1456 3146 gre
1480 3034 1682 3082 furrows
1710 3034 1838 3081 from
1858 3049 1890 3082 a
1910 3034 2146 3099 serpent’s
2167 3033 2355 3094 teeth,’'

1420 3113 1460 3145 c.

1436 3159 1532 3221 248
1552 3161 1704 3221 Nota]
1737 3162 1838 3209 For
1864 3176 1988 3223 your
2016 3177 2105 3209 son
2137 3162 2226 3211 has
2247 3163 2354 3211 told
2401 3172 2412 3185 ·

1371 3224 1506 3273 thern
1540 3240 1594 3273 as
1631 3241 1662 3273 a
1701 3224 1832 3273 basis
1878 3224 1936 3273 of
1977 3225 2356 3275 calculatione—-

1370 3288 1738 3348 Mathematzcis,
1767 3288 1840 3336 lit.
1862 3290 1980 3337 wise
2013 3305 2144 3345 men,
2176 3289 2353 3337 almost

1372 3352 1553 3416 always
1603 3352 1724 3400 used
1765 3352 1823 3399 of
1873 3354 2191 3415 astrologers3
2229 3369 2286 3401 so
2323 3369 2353 3401 a

1370 3416 1612 3526 ‘gunning
1632 3414 1768 3463 man’
1790 3432 2076 3529 o}‡··ttvroirr.1{u{²
2083 3416 2134 3463 in
2157 3416 2353 3465 Devon-

1371 3495 1395 3527 s
1431 3494 1806 3527 iremeansaw
1841 3496 2042 3528 iewic
2079 3516 2092 3528 .

1436 3552 1525 3605 251
1559 3544 1789 3604 oei-vina]
1823 3544 1950 3607 3456
1977 3559 2129 3607 years,
2155 3543 2352 3592 accord-

1369 3608 1456 3669 ing
1478 3613 1529 3655 to
1554 3606 1762 3655 Hesiod.

1435 3679 1529 3732 252
1550 3670 1886 3730 Aremgenen]
1921 3669 1997 3719 Cf.
2023 3670 2126 3717 xiii.
2149 3667 2228 3730 98,
2252 3685 2301 3718 n.

1434 3744 1544 3796 253,
1579 3734 1694 3797 254]
1757 3735 1924 3781 “Lest
1953 3749 2049 3795 you
2080 3733 2256 3783 should
2289 3734 2355 3783 be

1368 3797 1608 3861 poisoned
1629 3800 1681 3846 in
1703 3798 1842 3847 these
1863 3798 2092 3847 innocent
2113 3797 2279 3859 things
2293 3795 2360 3857 3⁹⁹-
